@article{otr,
    author  = "Borisov Nikita and Goldberg Ian and Brewer Eric",
    title   = "Off-the-Record Communication, or, Why Not To Use PGP",
    year    = "2004",
}

@article{mpotr,
    author  = "Goldberg Ian and Matthew D. Van Gundy and Berkant Ustaoglu and Hao Chen",
    title   = "Multi-party Off-the-Record Messaging",
    year    = "2009"
}

@unpublished{mpenc,
    author  = "Ximin Luo and Guy Kloss",
    title   = "Multi-party Encrypted Messaging Protocol design document",
}

@article{accum_def,
    author  = "Nelly Fazio and Antonio Nicolosi",
    title   = "Cryptographic Accumulators: Definitions, Constructions and Applications",
    year    = "2002"
}

@article{aes-key-recov,
    author = "Alex Biryukov and Orr Dunkelman and Nathan Keller and Dmitry Khovratovich and Adi Shamir",
    title = "Key Recovery Attacks of Practical Complexity on AES Variants With Up To 10 Rounds",
    year = "2009"
}

@article{rijndael-improved-analysis,
    author = "Niels Ferguson and John Kelsey and Stefan Lucks and Bruce Schneier and Mike Stay and David Wagner and Doug Whiting",
    title = "Improved Cryptanalysis of Rijndael",
    year = "2000"
}

@misc{website:openwhisper-tdh,
    author = "Moxie Marlinspike",
    title = "Simplifying OTR deniability",
    month = "July",
    year = "2013",
    note = "https://whispersystems.org/blog/simplifying-otr-deniability/"
}

@misc{website:dh-rfc,
    author = "T. Kivinen",
    title = "More Modular Exponential (MODP) Diffie-Hellman groups for Internet Key Exchange (IKE)",
    month = "May",
    year = "2003",
    note = "https://www.ietf.org/rfc/rfc3526.txt"
}

@article{oldblue,
    author  = "Matthew D. Van Gundy and Hao Chen",
    title   = "Oldblue: Causal Broadcast in A Mutually Supsicious Environment",
}

@book{gofdesignpatterns,
    author = "Erich Gamma and Richard Helm and Ralph Johnson and John Vlissides",
    title = "Design Patterns: Elements of Reusable Object-Oriented Software",
    publisher = "Addison-Wesley",
    year = "1994",
}

@book{appliedcrypto,
    author = "Alfred J. Menezes and Paul C. van Oorschot and Scott A. Vannstone",
    title = "Handbook of Applied Cryptography",
    publisher = "CRC Press",
    year = "1996",
}


@book{patternsinc,
    author = "Adam Tornhill",
    title = "Patterns in C",
}
